<collection xmlns="http://www.loc.gov/MARC21/slim"><record><leader>01032nam  2200301   450</leader><controlfield tag="001">894</controlfield><controlfield tag="003">http://montalegre.opacnet.com/OPAC/default.aspx?ContentAreaControl=ShowRegHoldings.ascx&amp;RegNo=16662</controlfield><datafield tag="010" ind1=" " ind2=" "><subfield code="a">972-695-110-0</subfield></datafield><datafield tag="021" ind1=" " ind2=" "><subfield code="a">PT</subfield><subfield code="b">40046/90</subfield></datafield><datafield tag="095" ind1=" " ind2=" "><subfield code="a">PTBN00269234</subfield></datafield><datafield tag="100" ind1=" " ind2=" "><subfield code="a">20061013d1990    d  y0pory010305  ba</subfield></datafield><datafield tag="101" ind1="1" ind2=" "><subfield code="a">por</subfield><subfield code="c">fre</subfield></datafield><datafield tag="102" ind1=" " ind2=" "><subfield code="a">PT</subfield></datafield><datafield tag="105" ind1=" " ind2=" "><subfield code="a">a   z   001zy</subfield></datafield><datafield tag="200" ind1="1" ind2=" "><subfield code="a">&lt;As &gt;brincadeiras do menino Nicolau</subfield><subfield code="f">Sempé, Goscinny</subfield><subfield code="g">trad. Luísa Lobão Moniz</subfield></datafield><datafield tag="210" ind1=" " ind2=" "><subfield code="a">Lisboa</subfield><subfield code="c">Teorema</subfield><subfield code="d">D.L. 1990</subfield></datafield><datafield tag="215" ind1=" " ind2=" "><subfield code="a">137, [4] p.</subfield><subfield code="c">il.</subfield><subfield code="d">19 cm</subfield></datafield><datafield tag="225" ind1="2" ind2=" "><subfield code="a">Sésamo</subfield><subfield code="v">16</subfield></datafield><datafield tag="304" ind1=" " ind2=" "><subfield code="a">Tít. orig.: Les récrés du petit Nicolas</subfield></datafield><datafield tag="675" ind1=" " ind2=" "><subfield code="a">087.5</subfield><subfield code="v">BN</subfield><subfield code="z">por</subfield></datafield><datafield tag="700" ind1=" " ind2="1"><subfield code="a">Goscinny</subfield><subfield code="b">René</subfield><subfield code="f">1926-1977</subfield></datafield><datafield tag="701" ind1=" " ind2="1"><subfield code="a">Sempé</subfield><subfield code="b">Jean-Jacques</subfield><subfield code="f">1932-</subfield><subfield code="4">440</subfield></datafield><datafield tag="702" ind1=" " ind2="1"><subfield code="a">Moniz</subfield><subfield code="b">Luísa Lobão</subfield><subfield code="4">730</subfield></datafield><datafield tag="801" ind1=" " ind2="0"><subfield code="a">PT</subfield><subfield code="b">Biblioteca Municipal de Montalegre</subfield><subfield code="g">RPC</subfield></datafield><datafield tag="856" ind1=" " ind2=" "><subfield code="u">locateMedia.asp?cod=20060628154846&amp;ext=jpg</subfield><subfield code="z">CAPA</subfield></datafield><datafield tag="909" ind1="&#9;" ind2=" "><subfield code="a">4</subfield></datafield><datafield tag="966" ind1=" " ind2=" "><subfield code="a">0001840</subfield><subfield code="l">BMM</subfield><subfield code="s">SJ 087.5 GOS bri 16</subfield></datafield><datafield tag="966" ind1=" " ind2=" "><subfield code="a">0001842</subfield><subfield code="l">BMM</subfield><subfield code="s">SJ 087.5 GOS bri 16</subfield></datafield><datafield tag="966" ind1=" " ind2=" "><subfield code="a">0001844</subfield><subfield code="l">BMM</subfield><subfield code="s">SJ 087.5 GOS bri 16</subfield></datafield><datafield tag="966" ind1=" " ind2=" "><subfield code="a">0001841</subfield><subfield code="l">BMM</subfield><subfield code="s">SJ 087.5 GOS bri 16</subfield></datafield></record></collection>